@misc{Jon:2009dg,
  author       = {Youtube},
  title        = {Snake & Pacman Collision Videos},
  howpublished = {Video},
  year         = {1996}
}