@article{WindowsVirtualBoxInstall,
  author          = {Oracle: VirtualBox},
  title           = {VirtualBox Manual: Installation on Windows Host},
  journal         = {\url{https://www.virtualbox.org/manual/ch02.html\#installation\_windows}},
  volume          = {},
  number          = {},
  year            = {2020}
}
@article{LinuxVirtualBoxInstall,
  author          = {Oracle: VirtualBox},
  title           = {VirtualBox Manual: Installation on Linux Host},
  journal         = {\url{https://www.virtualbox.org/manual/ch02.html\#install-linux-host}},
  volume          = {},
  number          = {},
  year            = {2020}
}
@article{MacVirtualBoxInstall,
  author          = {Oracle: VirtualBox},
  title           = {VirtualBox Manual: Installation on Mac Hosts},
  journal         = {\url{https://www.virtualbox.org/manual/ch02.html\#installation-mac}},
  volume          = {},
  number          = {},
  year            = {2020}
}