@article{WindowsVirtualBoxInstall,
  author          = {Oracle: VirtualBox},
  title           = {VirtualBox Manual: Installation on Windows Host},
  journal         = {\url{https://www.virtualbox.org/manual/ch02.html\#installation\_windows}},
  volume          = {},
  number          = {},
  year            = {2020}
}
@article{LinuxVirtualBoxInstall,
  author          = {Oracle: VirtualBox},
  title           = {VirtualBox Manual: Installation on Linux Host},
  journal         = {\url{https://www.virtualbox.org/manual/ch02.html\#install-linux-host}},
  volume          = {},
  number          = {},
  year            = {2020}
}
@article{MacVirtualBoxInstall,
  author          = {Oracle: VirtualBox},
  title           = {VirtualBox Manual: Installation on Mac Hosts},
  journal         = {\url{https://www.virtualbox.org/manual/ch02.html\#installation-mac}},
  volume          = {},
  number          = {},
  year            = {2020}
}
@article{OWASPCookie,
  author          = {OWASP},
  title           = {OWASP Periodic Table of Vulnerabilities - Cookie Theft/Session Hijacking},
  journal         = {\url{https://wiki.owasp.org/index.php/OWASP\_Periodic\_Table\_of\_Vulnerabilities\_-\_Cookie\_Theft/Session\_Hijacking}},
  volume          = {},
  number          = {},
  year            = {2013}
}
@article{W3Schools-SQLInjection,
  author          = {W3Schools},
  title           = {W3Schools.com - SQL Injection},
  journal         = {\url{https://www.w3schools.com/sql/sql\_injection.asp}},
  volume          = {},
  number          = {},
  year            = {2020}
}